<?xml version="1.0" encoding="UTF-8"?><record xmlns="http://www.loc.gov/MARC21/slim" xmlns:cinclude="http://apache.org/cocoon/include/1.0" xmlns:zs="http://www.loc.gov/zing/srw/">
  <leader>00628cz  a2200145n  4500</leader>
  <controlfield tag="001">no2004107428</controlfield>
  <controlfield tag="003">DLC</controlfield>
  <controlfield tag="005">20120816082014.0</controlfield>
  <controlfield tag="008">041104n| acannaabn          |n anc     c</controlfield>
  <datafield tag="010" ind1=" " ind2=" ">
    <subfield code="a">no2004107428</subfield>
  </datafield>
  <datafield tag="035" ind1=" " ind2=" ">
    <subfield code="a">(OCoLC)oca06485775</subfield>
  </datafield>
  <datafield tag="040" ind1=" " ind2=" ">
    <subfield code="a">InU</subfield>
    <subfield code="b">eng</subfield>
    <subfield code="c">InU</subfield>
    <subfield code="d">DLC</subfield>
  </datafield>
  <datafield tag="111" ind1="2" ind2=" ">
    <subfield code="a">Meeting on Induction of Heat Shock Proteins</subfield>
    <subfield code="d">(1982 :</subfield>
    <subfield code="c">Cold Spring Harbor Laboratory)</subfield>
  </datafield>
  <datafield tag="667" ind1=" " ind2=" ">
    <subfield code="a">THIS 1XX FIELD CANNOT BE USED UNDER RDA UNTIL THIS RECORD HAS BEEN REVIEWED AND/OR UPDATED</subfield>
  </datafield>
  <datafield tag="670" ind1=" " ind2=" ">
    <subfield code="a">Abstracts of papers presented at the Meeting on Induction of Heat Shock Proteins, 1982?:</subfield>
    <subfield code="b">t.p. (Meeting on Induction of Heat Shock Proteins, May 5-9, 1982)</subfield>
  </datafield>
</record>